<?xml version="1.0" encoding="UTF-8"?><collection xmlns="http://www.loc.gov/MARC21/slim"><record><leader>00513nam--2200181-u-4500</leader><controlfield tag="001">000056422</controlfield><controlfield tag="002">20161230</controlfield><controlfield tag="005">20170131083847</controlfield><controlfield tag="008">150928s1000------------r-----000-0-eng-d</controlfield><datafield ind1=" " ind2=" " tag="040"><subfield code="a">IFIN-HH</subfield></datafield><datafield ind1=" " ind2=" " tag="080"><subfield code="a">51</subfield></datafield><datafield ind1="1" ind2=" " tag="100"><subfield code="a">Popescu, I.I</subfield></datafield><datafield ind1="1" ind2="0" tag="245"><subfield code="a">Quantitative Analysis of Poetic Texts</subfield><subfield code="c">Ioan-Iovitz Popescu, Mihaiela Lupea, Doina Tatar, Gabriel Altmann</subfield></datafield><datafield ind1=" " ind2=" " tag="260"><subfield code="a">Berlin</subfield><subfield code="b">Walter de Gruyter</subfield><subfield code="c">2015</subfield></datafield><datafield ind1=" " ind2=" " tag="490"><subfield code="a">Viii+280p</subfield></datafield><datafield ind1="1" ind2=" " tag="700"><subfield code="a">Altmann, Gabriel</subfield></datafield><datafield ind1=" " ind2=" " tag="852"><subfield code="a">82281</subfield><subfield code="c">51</subfield></datafield><datafield ind1=" " ind2=" " tag="CAT"><subfield code="a">SYS</subfield><subfield code="c">20170131</subfield><subfield code="h">083847</subfield></datafield></record></collection>